@PHDTHESIS{Schmitt2011,
	author = {Kyle Thomas Schmitt},
	title = {Population of low-lying levels in the one-neutron halo nucleus 11Be via the neutron transfer reaction 10Be(d,p)},
	school = {University of Tennessee},
	year = 2011
}

@article{TalmiUnna1960,
  title = {Order of Levels in the Shell Model and Spin of ${\mathrm{Be}}^{11}$},
  author = {Talmi, I. and Unna, I.},
  journal = {Phys. Rev. Lett.},
  volume = {4},
  issue = {9},
  pages = {469--470},
  numpages = {0},
  year = {1960},
  month = {May},
  publisher = {American Physical Society},
  doi = {10.1103/PhysRevLett.4.469},
  url = {http://link.aps.org/doi/10.1103/PhysRevLett.4.469}
}

@article{Sinha1972,
title = "Optical-model analysis of 92,94,96,100Mo(p, p) For 20, 30 and 50 MeV incident proton energies",
journal = "Nuclear Physics A",
volume = "183",
number = "2",
pages = "401 - 416",
year = "1972",
note = "",
issn = "0375-9474",
doi = "http://dx.doi.org/10.1016/0375-9474(72)90667-7",
url = "http://www.sciencedirect.com/science/article/pii/0375947472906677",
author = "B.C. Sinha and V.R.W. Edwards and E.J. Burge and W.H. Tait",
keywords = "Nuclear Reactions"
}

@article{McDaniel1974,
  title = {Elastic and inelastic scattering of 1.5-MeV neutrons by the even-$A$ isotopes of zirconium and molybdenum},
  author = {McDaniel, F. D. and Brandenberger, J. D. and Glasgow, G. P. and Leighton, H. G.},
  journal = {Phys. Rev. C},
  volume = {10},
  issue = {3},
  pages = {1087--1098},
  numpages = {0},
  year = {1974},
  month = {Sep},
  publisher = {American Physical Society},
  doi = {10.1103/PhysRevC.10.1087},
  url = {http://link.aps.org/doi/10.1103/PhysRevC.10.1087}
}

@article{Menet1971,
  title = {Total-Reaction-Cross-Section Measurements for 30-60-MeV Protons and the Imaginary Optical Potential},
  author = {Menet, J. J. H. and Gross, E. E. and Malanify, J. J. and Zucker, A.},
  journal = {Phys. Rev. C},
  volume = {4},
  issue = {4},
  pages = {1114--1129},
  numpages = {0},
  year = {1971},
  month = {Oct},
  publisher = {American Physical Society},
  doi = {10.1103/PhysRevC.4.1114},
  url = {http://link.aps.org/doi/10.1103/PhysRevC.4.1114}
}

@article{Becchetti1969,
  title = {Nucleon-Nucleus Optical-Model Parameters, $A&gt;40$, $E&lt;50$ MeV},
  author = {Becchetti, F. D. and Greenlees, G. W.},
  journal = {Phys. Rev.},
  volume = {182},
  issue = {4},
  pages = {1190--1209},
  numpages = {0},
  year = {1969},
  month = {Jun},
  publisher = {American Physical Society},
  doi = {10.1103/PhysRev.182.1190},
  url = {http://link.aps.org/doi/10.1103/PhysRev.182.1190}
}

