@PHDTHESIS{Schmitt2011,
	author = {Kyle Thomas Schmitt},
	title = {Population of low-lying levels in the one-neutron halo nucleus 11Be via the neutron transfer reaction 10Be(d,p)},
	school = {University of Tennessee},
	year = 2011
}

@article{TalmiUnna1960,
  title = {Order of Levels in the Shell Model and Spin of ${\mathrm{Be}}^{11}$},
  author = {Talmi, I. and Unna, I.},
  journal = {Phys. Rev. Lett.},
  volume = {4},
  issue = {9},
  pages = {469--470},
  numpages = {0},
  year = {1960},
  month = {May},
  publisher = {American Physical Society},
  doi = {10.1103/PhysRevLett.4.469},
  url = {http://link.aps.org/doi/10.1103/PhysRevLett.4.469}
}
